@Article{bogdan2015,
  title        = "{{SLOPE}} – Adaptive Variable Selection via Convex
                 Optimization",
  author       = "Małgorzata Bogdan and Ewout van den Berg and {Chiara Sabatti}
                 and {Weijie Su} and {Emmanuel J. Candès}",
  date         = "2015",
  journaltitle = "The annals of applied statistics",
  shortjournal = "Ann Appl Stat",
  volume       = "9",
  number       = "3",
  eprint       = "26709357",
  eprinttype   = "pmid",
  pages        = "1103--1140",
  ISSN         = "1932-6157",
  doi          = "10.1214/15-AOAS842",
  URL          = "https://projecteuclid.org/euclid.aoas/1446488733",
  urldate      = "2018-12-17",
}

@Online{bogdan2013,
  title        = "Statistical Estimation and Testing via the Sorted {{L1}}
                 Norm",
  author       = "Małgorzata Bogdan and Ewout van den Berg and Weijie Su and
                 Emmanuel Candès",
  date         = "2013-10-29",
  eprint       = "1310.1969",
  eprinttype   = "arxiv",
  primaryclass = "math, stat",
  URL          = "http://arxiv.org/abs/1310.1969",
  urldate      = "2020-04-16",
  archiveprefix = "arXiv",
}
