@unpublished{bogdan2013,
  title        = {Statistical Estimation and Testing via the Sorted {{L1}} Norm},
  author       = {Bogdan, Małgorzata and van den Berg, Ewout and Su, Weijie and Candès, Emmanuel},
  date         = {2013},
  eprint       = {1310.1969},
  eprinttype   = {arxiv},
  primaryclass = {math, stat}
}

@inproceedings{figueiredo2016,
  title      = {Ordered Weighted {{L1}} Regularized Regression with Strongly
                Correlated Covariates: Theoretical Aspects},
  shorttitle = {Ordered {{Weighted L1 Regularized Regression}} with {{Strongly
                Correlated Covariates}}},
  booktitle  = {AISTATS},
  author     = {Figueiredo, Mario and Nowak, Robert},
  year       = {2016},
  pages      = {930--938}
}

@inproceedings{moreau2022benchopt,
  title     = {Benchopt: Reproducible, efficient and collaborative optimization
               benchmarks},
  author    = {Moreau, Thomas and Massias, Mathurin and Gramfort, Alexandre and
               Ablin, Pierre and Bannier, Pierre-Antoine and Charlier, Benjamin and
               Dagr{\'e}ou, Mathieu and la Tour, Tom Dupr{\'e} and Durif, Ghislain
               and Dantas, Cassio F and Klopfenstein, Quentin and others},
  booktitle = {NeurIPS},
  year      = {2022}
}


@article{Liang2014,
  title   = {Local linear convergence of Forward--Backward under partial
             smoothness},
  author  = {Liang, Jingwei and Fadili, Jalal and Peyr{\'e}, Gabriel},
  journal = {Advances in neural information processing systems},
  volume  = {27},
  year    = {2014}
}